

@article{Meinshausen:2006:QRF:1248547.1248582,
 author = {Meinshausen, Nicolai},
 title = {Quantile Regression Forests},
 journal = {J. Mach. Learn. Res.},
 issue_date = {12/1/2006},
 volume = {7},
 month = dec,
 year = {2006},
 issn = {1532-4435},
 pages = {983--999},
 numpages = {17},
 url = {http://dl.acm.org/citation.cfm?id=1248547.1248582},
 acmid = {1248582},
 publisher = {JMLR.org},
} 


@Article{rf,
    title = {Classification and Regression by randomForest},
    author = {Andy Liaw and Matthew Wiener},
    journal = {R News},
    year = {2002},
    volume = {2},
    number = {3},
    pages = {18-22},
    url = {http://CRAN.R-project.org/doc/Rnews/},
  }

  @Manual{cart,
    title = {rpart: Recursive Partitioning and Regression Trees},
    author = {Terry Therneau and Beth Atkinson and Brian Ripley},
    year = {2015},
    note = {R package version 4.1-9},
    url = {http://CRAN.R-project.org/package=rpart},
  }

@article{Biau:2012:ARF:2503308.2343682,
 author = {Biau, G{\'e}rard},
 title = {Analysis of a Random Forests Model},
 journal = {J. Mach. Learn. Res.},
 issue_date = {January 2012},
 volume = {13},
 number = {1},
 month = apr,
 year = {2012},
 issn = {1532-4435},
 pages = {1063--1095},
 numpages = {33},
 url = {http://dl.acm.org/citation.cfm?id=2503308.2343682},
 acmid = {2343682},
 publisher = {JMLR.org},
 keywords = {consistency, dimension reduction, random forests, randomization, rate of convergence, sparsity},
} 

@article{Wager:2014:CIR:2627435.2638587,
 author = {Wager, Stefan and Hastie, Trevor and Efron, Bradley},
 title = {Confidence Intervals for Random Forests: The Jackknife and the Infinitesimal Jackknife},
 journal = {J. Mach. Learn. Res.},
 issue_date = {January 2014},
 volume = {15},
 number = {1},
 month = jan,
 year = {2014},
 issn = {1532-4435},
 pages = {1625--1651},
 numpages = {27},
 url = {http://dl.acm.org/citation.cfm?id=2627435.2638587},
 acmid = {2638587},
 publisher = {JMLR.org},
 keywords = {Monte Carlo noise, bagging, jackknife methods, variance estimation},
} 

@INPROCEEDINGS{Geurts00investigationand,
    author = {Pierre Geurts and Louis Wehenkel},
    title = {Investigation and Reduction of Discretization Variance in Decision tree Induction},
    booktitle = {Proc. of the 11th European Conference on Machine Learning (ECML-2000},
    year = {2000},
    pages = {162--170},
    publisher = {Springer Verlag}
}

@misc{1412.8563,
Author = {Matt Taddy and Matt Gardner and Liyun Chen and David Draper},
Title = {A nonparametric Bayesian analysis of heterogeneous treatment effects in digital experimentation},
Year = {2014},
Eprint = {arXiv:1412.8563},
}

@inproceedings{Denil:2014,
    author = "Denil, Misha and Matheson, David and de Freitas, Nando",
    title = "Narrowing the Gap: Random Forests In Theory and In Practice",
    year = "2014",
    booktitle = "International Conference on Machine Learning (ICML)",
    poster = "2014-rf-theory-practice-icml-poster.pdf",
    arxiv = "http://arxiv.org/abs/1310.1415",
    pdf = "http://jmlr.org/proceedings/papers/v32/denil14.html",
    project = "random-forests"
}

@article{hirano2003efficient,
  title={Efficient estimation of average treatment effects using the estimated propensity score},
  author={Hirano, Keisuke and Imbens, Guido W and Ridder, Geert},
  journal={Econometrica},
  volume={71},
  number={4},
  pages={1161--1189},
  year={2003},
  publisher={Wiley Online Library}
}





@misc{1504.01132,
Author = {Susan Athey and Guido Imbens},
Title = {Recursive Partitioning for Heterogeneous Causal Effects},
Year = {2015},
Eprint = {arXiv:1504.01132},
}

@misc{1510.04342,
Author = {Stefan Wager and Susan Athey},
Title = {Estimation and Inference of Heterogeneous Treatment Effects using Random Forests},
Year = {2015},
Eprint = {arXiv:1510.04342},
}

@article{rose:rubi:cent:1983,
  added-at = {2009-10-28T04:42:52.000+0100},
  author = {Rosenbaum, Paul R. and Rubin, Donald B.},
  biburl = {http://www.bibsonomy.org/bibtex/28676e50c9e8dba1ac97e5a844d2fd34d/jwbowers},
  date-added = {2007-09-03 22:45:16 -0500},
  date-modified = {2007-09-03 22:45:16 -0500},
  interhash = {d36b10d9c0e12f8398076b5f4fb410d6},
  intrahash = {8676e50c9e8dba1ac97e5a844d2fd34d},
  journal = {Biometrika},
  keywords = {Discriminant Matched matching; sampling},
  local-url = {file://localhost/Users/jwbowers/Documents/Papers/Rosenbaum/RoseRubi1983.pdf},
  pages = {41--55},
  timestamp = {2009-10-28T04:43:16.000+0100},
  title = {The Central Role of the Propensity Score in Observational Studies for Causal Effects},
  volume = 70,
  year = 1983,
}


@book{breiman1984classification,
  title={Classification and Regression Trees},
  author={Breiman, L. and Friedman, J. and Stone, C.J. and Olshen, R.A.},
  isbn={9780412048418},
  lccn={83019708},
  series={The Wadsworth and Brooks-Cole statistics-probability series},
  url={https://books.google.com/books?id=JwQx-WOmSyQC},
  year={1984},
  publisher={Taylor \& Francis}
}


@article{Breiman:2001:RF:570181.570182,
 author = {Breiman, Leo},
 title = {Random Forests},
 journal = {Mach. Learn.},
 issue_date = {October 1 2001},
 volume = {45},
 number = {1},
 month = oct,
 year = {2001},
 issn = {0885-6125},
 pages = {5--32},
 numpages = {28},
 url = {http://dx.doi.org/10.1023/A:1010933404324},
 doi = {10.1023/A:1010933404324},
 acmid = {570182},
 publisher = {Kluwer Academic Publishers},
 address = {Hingham, MA, USA},
 keywords = {classification, ensemble, regression},
} 


@book{Imbens:2015:CIS:2764565,
 author = {Imbens, Guido W. and Rubin, Donald B.},
 title = {Causal Inference for Statistics, Social, and Biomedical Sciences: An Introduction},
 year = {2015},
 isbn = {0521885884, 9780521885881},
 publisher = {Cambridge University Press},
 address = {New York, NY, USA},
} 

@book{Pearl:2000:CMR:331969,
 author = {Pearl, Judea},
 title = {Causality: Models, Reasoning, and Inference},
 year = {2000},
 isbn = {0-521-77362-8},
 publisher = {Cambridge University Press},
 address = {New York, NY, USA},
} 

@ARTICLE{RePEc:ecm:emetrp:v:71:y:2003:i:4:p:1161-1189,
title = {Efficient Estimation of Average Treatment Effects Using the Estimated Propensity Score},
author = {Hirano, Keisuke and Imbens, Guido and Ridder, Geert},
year = {2003},
journal = {Econometrica},
volume = {71},
number = {4},
pages = {1161-1189},
url = {http://EconPapers.repec.org/RePEc:ecm:emetrp:v:71:y:2003:i:4:p:1161-1189},
}

@inproceedings{Lozano:2009:SCM:1557019.1557086,
 author = {Lozano, Aurelie C. and Li, Hongfei and Niculescu-Mizil, Alexandru and Liu, Yan and Perlich, Claudia and Hosking, Jonathan and Abe, Naoki},
 title = {Spatial-temporal Causal Modeling for Climate Change Attribution},
 booktitle = {Proceedings of the 15th ACM SIGKDD International Conference on Knowledge Discovery and Data Mining},
 series = {KDD '09},
 year = {2009},
 isbn = {978-1-60558-495-9},
 location = {Paris, France},
 pages = {587--596},
 numpages = {10},
 url = {http://doi.acm.org/10.1145/1557019.1557086},
 doi = {10.1145/1557019.1557086},
 acmid = {1557086},
 publisher = {ACM},
 address = {New York, NY, USA},
} 


@inproceedings{Geigeretal15,
  title = {Causal Inference by Identification of Vector Autoregressive Processes with Hidden Components},
  author = {Geiger, P. and Zhang, K. and Sch{\"o}lkopf, B. and Gong, M. and Janzing, D.},
  booktitle = {Proceedings of the 32nd International Conference on Machine Learning},
  volume = {37},
  pages = {1917â€“1925},
  series = {JMLR Workshop and Conference Proceedings},
  editors = {F. Bach and D. Blei},
  publisher = {JMLR},
  year = {2015},
  url = {http://jmlr.org/proceedings/papers/v37/geiger15.pdf},
}

@article {HoImaKin07,
	title = {Matching as Nonparametric Preprocessing for Reducing Model Dependence in Parametric Causal Inference},
	journal = {Political Analysis},
	volume = {15},
	year = {2007},
	pages = {199{\textendash}236},
	author = {Daniel Ho and Kosuke Imai and Gary King and Elizabeth Stuart},
}


@article{journals/jmlr/SuTWNL09,
  added-at = {2010-07-21T15:45:49.000+0200},
  author = {Su, Xiaogang and Tsai, Chih-Ling and Wang, Hansheng and Nickerson, David M. and Li, Bogong},
  biburl = {http://www.bibsonomy.org/bibtex/2c6d6cafead300f76d8c1e0e4da90f38b/dblp},
  date = {2010-04-22},
  ee = {http://doi.acm.org/10.1145/1577069.1577074},
  interhash = {8aa469ab9d5870a4d27361883591137c},
  intrahash = {c6d6cafead300f76d8c1e0e4da90f38b},
  journal = {Journal of Machine Learning Research},
  keywords = {dblp},
  pages = {141-158},
  timestamp = {2010-07-21T15:45:49.000+0200},
  title = {Subgroup Analysis via Recursive Partitioning.},
  url = {http://dblp.uni-trier.de/db/journals/jmlr/jmlr10.html#SuTWNL09},
  volume = 10,
  year = 2009,
}


@ARTICLE{Tibshirani94regressionshrinkage,
    author = {Robert Tibshirani},
    title = {Regression Shrinkage and Selection Via the Lasso},
    journal = {Journal of the Royal Statistical Society, Series B},
    year = {1994},
    volume = {58},
    pages = {267--288}
}

@book{Vapnik1998,
  added-at = {2009-11-30T17:48:31.000+0100},
  author = {Vapnik, Vladimir N.},
  biburl = {http://www.bibsonomy.org/bibtex/21a5aaa75fa8be088b01a7381d2f661be/fluctuator},
  interhash = {f211eacca8f6ce50e9c31c6bcc482809},
  intrahash = {1a5aaa75fa8be088b01a7381d2f661be},
  keywords = {imported},
  owner = {CHAENIG},
  publisher = {Wiley-Interscience},
  timestamp = {2009-11-30T17:48:32.000+0100},
  title = {Statistical Learning Theory},
  year = 1998
}

@article {SIM:SIM4322,
author = {Foster, Jared C. and Taylor, Jeremy M.G. and Ruberg, Stephen J.},
title = {Subgroup identification from randomized clinical trial data},
journal = {Statistics in Medicine},
volume = {30},
number = {24},
publisher = {John Wiley & Sons, Ltd},
issn = {1097-0258},
url = {http://dx.doi.org/10.1002/sim.4322},
doi = {10.1002/sim.4322},
pages = {2867--2880},
keywords = {randomized clinical trials, subgroups, random forests, regression trees, tailored therapeutics},
year = {2011},
}

